

@article{plummer2006coda,
  title={CODA: convergence diagnosis and output analysis for MCMC},
  author={Plummer, Martyn and Best, Nicky and Cowles, Kate and Vines, Karen},
  journal={R news},
  volume={6},
  number={1},
  pages={7--11},
  year={2006}
}

@article{spiegelhalter2007openbugs,
  title={OpenBUGS user manual, version 3.0. 2},
  author={Spiegelhalter, D and Thomas, A and Best, N and Lunn, D},
  journal={MRC Biostatistics Unit, Cambridge},
  year={2007}
}

 @Misc{Rstan,
    title = {{RStan}: the {R} interface to {Stan}},
    author = {{Stan Development Team}},
    note = {R package version 2.14.1},
    year = {2016},
    url = {http://mc-stan.org/},
  }

  @Book{MASS,
	title = {Modern Applied Statistics with S},
	author = {W. N. Venables and B. D. Ripley},
	publisher = {Springer},
	edition = {Fourth},
	address = {New York},
	year = {2002},
	note = {ISBN 0-387-95457-0},
	url = {http://www.stats.ox.ac.uk/pub/MASS4},
}